% --- Citazioni --- %

% Esempio citazione di un libro %
@book{CleanCode,
    author = {Martin, Robert C.},
    title = {Clean Code: A Handbook of Agile Software Craftsmanship},
    year = {2008},
    isbn = {0132350882},
    publisher = {Prentice Hall PTR},
    address = {USA},
    edition = {1}
}